% !TeX encoding = ISO-8859-2

@inproceedings{SegmOfRibs,
	title={Segmentation of individual ribs from low-dose chest CT},
	author={Lee, Jaesung and Reeves, Anthony P},
	booktitle={Medical Imaging 2010: Computer-Aided Diagnosis},
	volume={7624},
	pages={76243J},
	year={2010},
	organization={International Society for Optics and Photonics}
}


@article{otsu,
	title={A threshold selection method from gray-level histograms},
	author={Otsu, Nobuyuki},
	journal={IEEE transactions on systems, man, and cybernetics},
	volume={9},
	number={1},
	pages={62--66},
	year={1979},
	publisher={IEEE}
}

@article{CTHist,
	title={Effects of 16-bit CT imaging scanning conditions for metal implants on radiotherapy dose distribution},
	author={Gao, Liugang and Sun, Hongfei and Ni, Xinye and Fang, Mingming and Lin, Tao},
	journal={Oncology letters},
	volume={15},
	number={2},
	pages={2373--2379},
	year={2018},
	publisher={Spandidos Publications}
}

@mastersthesis{Rew,
	title={Rib cage segmentation in ct scans},
	author={Contini, E},
	year={2014}
}


@article{milstone,
	title={A multi-center milestone study of clinical vertebral CT segmentation},
	author={Yao, Jianhua and Burns, Joseph E and Forsberg, Daniel and Seitel, Alexander and Rasoulian, Abtin and Abolmaesumi, Purang and Hammernik, Kerstin and Urschler, Martin and Ibragimov, Bulat and Korez, Robert and others},
	journal={Computerized Medical Imaging and Graphics},
	volume={49},
	pages={16--28},
	year={2016},
	publisher={Elsevier}
}


@misc{ctfelipetes,
	author={A CT felépítése és mûködése: \url{https://www.radiologycafe.com/radiology-trainees/frcr-physics-notes/ct-equipment}
	}
}


@misc{bordaanatomia,
	author={Bordák anatómiája: \url{https://teachmeanatomy.info/thorax/bones/ribcage}
	}
}

@misc{huskala,
	author={Hounsfield skála: \url{https://regi.tankonyvtar.hu/hu/tartalom/tamop425/2011_0001_524_Radiologia/ch01.html}
	}
}

@inproceedings{hese,
	author = {Lassen-Schmidt, Bianca and Kuhnigk, Jan-Martin and Friman, Ola and Krass, Stefan and Peitgen, Heinz-Otto},
	year = {2010},
	month = {01},
	pages = {560-563},
	title = {Automatic segmentation of lung lobes in CT images based on fissures, vessels, and bronchi},
	journal = {Fraunhofer MEVIS},
	doi = {10.1109/ISBI.2010.5490284}
}

@article{furu,
  title={A computer-assisted system for diagnostic workstations: automated bone labeling for CT images},
  author={Furuhashi, Satoru and Abe, Katsumi and Takahashi, Motoichiro and Aizawa, Takuya and Shizukuishi, Takashi and Sakaguchi, Masakuni and Maebayashi, Toshiya and Tanaka, Ikue and Narata, Mitsuhiro and Sasaki, Yasuo},
  journal={Journal of digital imaging},
  volume={22},
  number={6},
  pages={689--695},
  year={2009},
  publisher={Springer}
}

@misc{plane,
	author={Vetületek: \url{https://www.ipfradiologyrounds.com/hrct-primer/image-reconstruction/}
	}
}

@article{banik,
	title={Automatic segmentation of the ribs, the vertebral column, and the spinal canal in pediatric computed tomographic images},
	author={Banik, Shantanu and Rangayyan, Rangaraj M and Boag, Graham S},
	journal={Journal of digital imaging},
	volume={23},
	number={3},
	pages={301--322},
	year={2010},
	publisher={Springer}
}


@inproceedings{zhou,
	title={Automated segmentation and recognition of the bone structure in non-contrast torso CT images using implicit anatomical knowledge},
	author={Zhou, Xiangrong and Hayashi, Tatsuro and Han, Mingxu and Chen, Huayue and Hara, Takeshi and Fujita, Hiroshi and Yokoyama, Ryujiro and Kanematsu, Masayuki and Hoshi, Hiroaki},
	booktitle={Medical Imaging 2009: Image Processing},
	volume={7259},
	pages={72593S},
	year={2009},
	organization={International Society for Optics and Photonics}
}


@inproceedings{shen,
	title={Tracing based segmentation for the labeling of individual rib structures in chest CT volume data},
	author={Shen, Hong and Liang, Lichen and Shao, Min and Qing, Shuping},
	booktitle={International Conference on Medical Image Computing and Computer-Assisted Intervention},
	pages={967--974},
	year={2004},
	organization={Springer}
}

@inproceedings{li,
	title={Automatic rib positioning method in CT images},
	author={Li, Hong and Li, Jun and Pan, Shinong and Guo, Qiyong and Liu, Jiren and Kang, Yan},
	booktitle={2010 4th International Conference on Bioinformatics and Biomedical Engineering},
	pages={1--4},
	year={2010},
	organization={IEEE}
}


@inproceedings{zhang,
	title={Automatic rib segmentation in chest CT volume data},
	author={Zhang, Li and Li, Xiaodong and Hu, Qingmao},
	booktitle={2012 International Conference on Biomedical Engineering and Biotechnology},
	pages={750--753},
	year={2012},
	organization={IEEE}
}

@inproceedings{yao,
	title={Sclerotic rib metastases detection on routine CT images},
	author={Yao, Jianhua and Burns, Joseph E and Summers, Ronald M},
	booktitle={2012 9th IEEE International Symposium on Biomedical Imaging (ISBI)},
	pages={1767--1770},
	year={2012},
	organization={IEEE}
}





@inproceedings{kim,
	title={Object-tracking segmentation method: vertebra and rib segmentation in CT images},
	author={Kim, Dongsung and Kim, Hanyoung and Kang, Heung Sik},
	booktitle={Medical Imaging 2002: Image Processing},
	volume={4684},
	pages={1662--1671},
	year={2002},
	organization={International Society for Optics and Photonics}
}


@inproceedings{ramakrishnan,
	title={Automatic three-dimensional rib centerline extraction from CT scans for enhanced visualization and anatomical context},
	author={Ramakrishnan, Sowmya and Alvino, Christopher and Grady, Leo and Kiraly, Atilla},
	booktitle={Medical Imaging 2011: Image Processing},
	volume={7962},
	pages={79622X},
	year={2011},
	organization={International Society for Optics and Photonics}
}


@inproceedings{wu,
	title={A learning based deformable template matching method for automatic rib centerline extraction and labeling in CT images},
	author={Wu, Dijia and Liu, David and Puskas, Zoltan and Lu, Chao and Wimmer, Andreas and Tietjen, Christian and Soza, Grzegorz and Zhou, S Kevin},
	booktitle={2012 IEEE Conference on Computer Vision and Pattern Recognition},
	pages={980--987},
	year={2012},
	organization={IEEE}
}


@inproceedings{gargouri,
	title={Accurate and robust shape descriptors for the identification of rib cage structures in ct-images with random forests},
	author={Gargouri, Mariem and Tiern, Julien and Jolivet, Erwan and Petit, Philippe and Angelini, Elsa D},
	booktitle={2013 IEEE 10th international symposium on biomedical imaging},
	pages={65--68},
	year={2013},
	organization={IEEE}
}

@article{staal,
	title={Automatic rib segmentation and labeling in computed tomography scans using a general framework for detection, recognition and segmentation of objects in volumetric data},
	author={Staal, Joes and van Ginneken, Bram and Viergever, Max A},
	journal={Medical Image Analysis},
	volume={11},
	number={1},
	pages={35--46},
	year={2007},
	publisher={Elsevier}
}

@misc{akum,
	author={Hough transzformáció körökre: \url{https://www.cis.rit.edu/class/simg782.old/talkHough/HoughLecCircles.html}
	}
}

@book{c++,
	title={The C++ programming language},
	author={Stroustrup, Bjarne},
	year={2013},
	publisher={Pearson Education}
}

@misc{vs,
	author={Visual Studio fõoldala: \url{https://visualstudio.microsoft.com/}
	}
}

@misc{ide,
	author={Integrált Fejlesztõi Környezet:  \url{https://searchsoftwarequality.techtarget.com/definition/integrated-development-environment}
	}
}
@misc{cmake,
	author={CMake fõoldala: \url{https://cmake.org/overview/}
	}
}

@misc{itk,
	author={Insight Toolkit fõoldala: \url{https://itk.org/}
	}
}


@misc{git,
	author={Git fõoldala: \url{https://git-scm.com/}
	}
}

@misc{github,
	author={A dolgozat témáját megvalósító algoritmus forráskódja: \url{https://github.com/redLeR1st/rib_segmentation}
	}
}


